% Bibliography file extracted from ABM Seminar.md
% Generated from /Users/songshgeo/Documents/SongshGeo/40 - Obsidian/mybib.bib
% Contains 11 out of 11 requested citations

@article{beckage2022,
  title = {Incorporating human behaviour into Earth system modelling},
  author = {Beckage, Brian and Moore, Frances C. and Lacasse, Katherine},
  date = {2022-11-16},
  journaltitle = {Nature Human Behaviour},
  shortjournal = {Nat Hum Behav},
  volume = {6},
  number = {11},
  pages = {1493--1502},
  issn = {2397-3374},
  doi = {10.1038/s41562-022-01478-5},
  language = {en},
  keywords = {selected, English}
}

@book{crooks2018,
  title = {Agent-Based Modelling and Geographical Information Systems: A Practical Primer},
  shorttitle = {Agent-Based Modelling and Geographical Information Systems},
  author = {Crooks, Andrew and Malleson, Nicolas and Manley, Ed and Heppenstall, Alison},
  date = {2018-12-13},
  eprint = {XrRkDwAAQBAJ},
  eprinttype = {googlebooks},
  publisher = {SAGE},
  isbn = {978-1-5264-5418-8},
  language = {en},
  pagetotal = {458},
  keywords = {English}
}

@article{lim2007,
  title = {Global Pattern Formation and Ethnic/Cultural Violence},
  author = {Lim, May and Metzler, Richard and Bar-Yam, Yaneer},
  date = {2007-09-14},
  journaltitle = {Science},
  volume = {317},
  number = {5844},
  pages = {1540--1544},
  publisher = {American Association for the Advancement of Science},
  doi = {10.1126/science.1142734},
  language = {en-US},
  keywords = {selected, English}
}

@article{matthews2007,
  title = {Agent-based land-use models: a review of applications},
  shorttitle = {Agent-based land-use models},
  author = {Matthews, Robin B. and Gilbert, Nigel G. and Roach, Alan and Polhill, J. Gary and Gotts, Nick M.},
  date = {2007-08-21},
  journaltitle = {Landscape Ecology},
  shortjournal = {Landsc. Ecol.},
  volume = {22},
  number = {10},
  pages = {1447--1459},
  publisher = {Springer},
  issn = {1572-9761},
  doi = {10.1007/s10980-007-9135-1},
  issue = {10},
  language = {En},
  keywords = {üëÄÊµèËßà,üîçÊ£ÄÁ¥¢,ABM,land use change}
}

@book{miller2022,
  title = {Ex Machina: Coevolving Machines \& the Origins of the Social Universe},
  shorttitle = {Ex Machina},
  author = {Miller, John Howard},
  date = {2022},
  eprint = {G2NHzwEACAAJ},
  eprinttype = {googlebooks},
  publisher = {SFI Press},
  isbn = {978-1-947864-42-9},
  language = {en},
  pagetotal = {379},
  keywords = {English}
}

@article{romanowska2019,
  title = {Agent-Based Modeling for Archaeologists: Part 1 of 3},
  shorttitle = {Agent-Based Modeling for Archaeologists},
  author = {Romanowska, Iza and Crabtree, Stefani A. and Harris, Kathryn and Davies, Benjamin},
  date = {2019-05},
  journaltitle = {Advances in Archaeological Practice},
  shortjournal = {Adv. archaeol. pract.},
  volume = {7},
  number = {2},
  pages = {178--184},
  issn = {2326-3768},
  doi = {10.1017/aap.2019.6},
  language = {en},
  keywords = {English}
}

@article{schelling1971,
  title = {Dynamic models of segregation‚Ä†},
  author = {Schelling, Thomas C.},
  date = {1971-07-01},
  journaltitle = {The Journal of Mathematical Sociology},
  shortjournal = {J. Math. Sociol.},
  volume = {1},
  number = {2},
  pages = {143--186},
  publisher = {Routledge},
  issn = {0022-250X},
  doi = {10.1080/0022250X.1971.9989794},
  language = {en-US},
  keywords = {English}
}

@article{schluter2023,
  title = {Unraveling complex causal processes that affect sustainability requires more integration between empirical and modeling approaches},
  author = {Schl√ºter, Maja and Brelsford, Christa and Ferraro, Paul J. and Orach, Kirill and Qiu, Minghao and Smith, Martin D.},
  date = {2023-10-10},
  journaltitle = {Proceedings of the National Academy of Sciences},
  shortjournal = {Proc. Natl. Acad. Sci. U.S.A.},
  volume = {120},
  number = {41},
  pages = {e2215676120},
  issn = {0027-8424, 1091-6490},
  doi = {10.1073/pnas.2215676120},
  language = {en},
  keywords = {English}
}

@article{schulze2017,
  title = {Agent-based modelling of social-ecological systems: achievements, challenges, and a way forward},
  shorttitle = {Agent-based modelling of social-ecological systems},
  author = {Schulze, Jule and M√ºller, Birgit and Groeneveld, J√ºrgen and Grimm, Volker},
  date = {2017},
  journaltitle = {Journal of Artificial Societies and Social Simulation},
  shortjournal = {JASSS},
  volume = {20},
  number = {2},
  pages = {8},
  issn = {1460-7425},
  doi = {10.18564/jasss.3423},
  language = {en-US},
  keywords = {selected, English}
}

@article{seara2025,
  title = {Sociohydrodynamics: Data-driven modeling of social behavior},
  shorttitle = {Sociohydrodynamics},
  author = {Seara, Daniel S. and Colen, Jonathan and Fruchart, Michel and Avni, Yael and Martin, David G. and Vitelli, Vincenzo},
  date = {2025-09-02},
  journaltitle = {Proceedings of the National Academy of Sciences},
  shortjournal = {Proc. Natl. Acad. Sci.},
  volume = {122},
  number = {35},
  pages = {e2508692122},
  publisher = {Proceedings of the National Academy of Sciences},
  doi = {10.1073/pnas.2508692122},
  language = {en-US},
  keywords = {selected, English}
}

@book{wurzer2014,
  title = {Agent-based Modeling and Simulation in Archaeology},
  author = {Wurzer, Gabriel and Kowarik, Kerstin and Reschreiter, Hans},
  date = {2014-11-21},
  eprint = {GSaflwEACAAJ},
  eprinttype = {googlebooks},
  publisher = {Springer International Publishing},
  isbn = {978-3-319-00007-7},
  language = {en},
  pagetotal = {269},
  keywords = {English}
}