% Course Bibliography - Agent-Based Modeling for Urban and Archaeological Studies
% 课程参考文献 - 基于主体的建模在城市和考古研究中的应用

% =============================================================================
% REQUIRED READINGS
% 必读文献
% =============================================================================

@book{epstein1996growing,
  title={Growing Artificial Societies: Social Science from the Bottom Up},
  author={Epstein, Joshua M and Axtell, Robert},
  year={1996},
  publisher={Brookings Institution Press},
  address={Washington, DC},
  keywords={required}
}

@book{wilensky2015introduction,
  title={An Introduction to Agent-Based Modeling: Modeling Natural, Social, and Engineered Complex Systems with NetLogo},
  author={Wilensky, Uri and Rand, William},
  year={2015},
  publisher={MIT Press},
  address={Cambridge, MA},
  keywords={required}
}

@book{railsback2019agent,
  title={Agent-based and Individual-based Modeling: A Practical Introduction},
  author={Railsback, Steven F and Grimm, Volker},
  year={2019},
  edition={2nd},
  publisher={Princeton University Press},
  address={Princeton, NJ},
  keywords={required}
}

% =============================================================================
% RECOMMENDED READINGS
% 推荐文献
% =============================================================================

@book{gilbert2005simulation,
  title={Simulation for the Social Scientist},
  author={Gilbert, Nigel and Troitzsch, Klaus G},
  year={2005},
  edition={2nd},
  publisher={Open University Press},
  address={Maidenhead, UK},
  keywords={recommended}
}

@article{grimm2020odd,
  title={The ODD Protocol for Describing Agent-Based and Other Simulation Models: A Second Update to Improve Clarity, Replication, and Structural Realism},
  author={Grimm, Volker and Railsback, Steven F and Vincenot, Christian E and Berger, Uta and Gallagher, Cara and DeAngelis, Donald L and Edmonds, Bruce and Ge, Jiaqi and Giske, Jarl and Groeneveld, J{\"u}rgen and others},
  journal={Journal of Artificial Societies and Social Simulation},
  volume={23},
  number={2},
  pages={7},
  year={2020},
  publisher={Journal of Artificial Societies and Social Simulation},
  doi={10.18564/jasss.4259},
  keywords={recommended}
}

@article{romanowska2019agent,
  title={Agent-Based Modeling for Archaeologists: Part 1 of 3},
  author={Romanowska, Iza and Wren, Colin D and Crabtree, Stefani A},
  journal={Advances in Archaeological Practice},
  volume={7},
  number={2},
  pages={178--184},
  year={2019},
  publisher={Cambridge University Press},
  doi={10.1017/aap.2019.6},
  keywords={recommended}
}

@article{barton2016agent,
  title={Agent-based modeling of the effects of hunting on Neanderthal extinction},
  author={Barton, C Michael and Riel-Salvatore, Julien},
  journal={Quaternary International},
  volume={413},
  pages={102--112},
  year={2016},
  publisher={Elsevier},
  doi={10.1016/j.quaint.2015.12.049},
  keywords={recommended}
}

@book{batty2007cities,
  title={Cities and Complexity: Understanding Cities with Cellular Automata, Agent-Based Models, and Fractals},
  author={Batty, Michael},
  year={2007},
  publisher={MIT Press},
  address={Cambridge, MA},
  keywords={recommended}
}

@article{chen2019agent,
  title={Agent-based modeling of urban growth and land use change},
  author={Chen, Yimin and Li, Xia and Liu, Xiaoping and Ai, Bin},
  journal={International Journal of Geographical Information Science},
  volume={33},
  number={1},
  pages={1--24},
  year={2019},
  publisher={Taylor \& Francis},
  doi={10.1080/13658816.2018.1490797},
  keywords={recommended}
}

@book{miller2007complex,
  title={Complex Adaptive Systems: An Introduction to Computational Models of Social Life},
  author={Miller, John H and Page, Scott E},
  year={2007},
  publisher={Princeton University Press},
  address={Princeton, NJ},
  keywords={recommended}
}

@article{bonabeau2002agent,
  title={Agent-based modeling: Methods and techniques for simulating human systems},
  author={Bonabeau, Eric},
  journal={Proceedings of the National Academy of Sciences},
  volume={99},
  number={suppl 3},
  pages={7280--7287},
  year={2002},
  publisher={National Acad Sciences},
  doi={10.1073/pnas.082080899},
  keywords={recommended}
}

@book{axelrod2006complexity,
  title={The Complexity of Cooperation: Agent-Based Models of Competition and Collaboration},
  author={Axelrod, Robert},
  year={2006},
  publisher={Princeton University Press},
  address={Princeton, NJ},
  keywords={recommended}
}

@article{heppenstall2012spatial,
  title={Spatial agent-based models for human--environment interactions},
  author={Heppenstall, Alison J and Crooks, Andrew T and See, Linda M and Batty, Michael},
  journal={Annals of the Association of American Geographers},
  volume={102},
  number={4},
  pages={687--700},
  year={2012},
  publisher={Taylor \& Francis},
  doi={10.1080/00045608.2011.595645},
  keywords={recommended}
}

@book{macal2010agent,
  title={Agent-Based Modeling and Simulation: Desktop ABMS},
  author={Macal, Charles M and North, Michael J},
  year={2010},
  publisher={Springer},
  address={New York, NY},
  keywords={recommended}
}

% =============================================================================
% ARCHAEOLOGICAL APPLICATIONS
% 考古学应用
% =============================================================================

@article{crabtree2017future,
  title={The future of archaeological research in the age of computational social science},
  author={Crabtree, Stefani A and Bocinsky, R Kyle and Hooper, Paul L and Ryan, Susan C and Kohler, Timothy A},
  journal={Journal of Archaeological Method and Theory},
  volume={24},
  number={1},
  pages={1--35},
  year={2017},
  publisher={Springer},
  doi={10.1007/s10816-016-9285-z},
  keywords={recommended}
}

@article{kohler2012modelling,
  title={Modelling and measuring social complexity in Anasazi societies},
  author={Kohler, Timothy A and Bocinsky, R Kyle and Cockburn, Denton and Crabtree, Stefani A and Varien, Mark D and Kolm, Kenneth E and Smith, Scott and Ortman, Scott G and Kobti, Ziad},
  journal={Advances in Complex Systems},
  volume={15},
  number={01n02},
  pages={1150007},
  year={2012},
  publisher={World Scientific},
  doi={10.1142/S0219525911500074},
  keywords={recommended}
}

% =============================================================================
% URBAN MODELING APPLICATIONS
% 城市建模应用
% =============================================================================

@article{crooks2018introduction,
  title={Introduction to agent-based modeling},
  author={Crooks, Andrew and Castle, Christopher and Batty, Michael},
  journal={Agent-based models of geographical systems},
  pages={85--105},
  year={2018},
  publisher={Springer},
  keywords={recommended}
}

@article{torrens2008geographic,
  title={Geographic automata systems},
  author={Torrens, Paul M},
  journal={International Journal of Geographical Information Science},
  volume={22},
  number={4},
  pages={455--487},
  year={2008},
  publisher={Taylor \& Francis},
  doi={10.1080/13658810701587451},
  keywords={recommended}
}

